<?xml version="1.0" encoding="UTF-8"?><collection xmlns="http://www.loc.gov/MARC21/slim"><record><leader>00426nam--2200133-i-4500</leader><controlfield tag="001">000039659</controlfield><controlfield tag="002">20161230</controlfield><controlfield tag="005">20161230201042</controlfield><controlfield tag="008">060222s1000------------r-----000-0-eng-d</controlfield><datafield ind1=" " ind2=" " tag="080"><subfield code="a">621.039.8(043)</subfield></datafield><datafield ind1=" " ind2=" " tag="100"><subfield code="a">Roman,Traian</subfield></datafield><datafield ind1=" " ind2=" " tag="245"><subfield code="a">Prelucrarea electronica a datelor experimentale privind comportarea talerelor de separare a apei grele. teza</subfield></datafield><datafield ind1=" " ind2=" " tag="260"><subfield code="a">Bucuresti, Inst.Central De Fizica, 1987. 146 P. + Fig</subfield></datafield><datafield ind1=" " ind2=" " tag="852"><subfield code="a">74800</subfield></datafield></record></collection>